<?xml version="1.0" encoding="UTF-8"?><record xmlns="http://www.loc.gov/MARC21/slim" xmlns:cinclude="http://apache.org/cocoon/include/1.0" xmlns:zs="http://www.loc.gov/zing/srw/">
  <leader>00414cz  a2200145n  4500</leader>
  <controlfield tag="001">n  98001387 </controlfield>
  <controlfield tag="003">DLC</controlfield>
  <controlfield tag="005">20140315171732.0</controlfield>
  <controlfield tag="008">980107n| azannaabn          |n aaa      </controlfield>
  <datafield tag="010" ind1=" " ind2=" ">
    <subfield code="a">n  98001387 </subfield>
    <subfield code="z">nb 98054739 </subfield>
  </datafield>
  <datafield tag="035" ind1=" " ind2=" ">
    <subfield code="a">(OCoLC)oca04581912</subfield>
  </datafield>
  <datafield tag="040" ind1=" " ind2=" ">
    <subfield code="a">DLC</subfield>
    <subfield code="b">eng</subfield>
    <subfield code="e">rda</subfield>
    <subfield code="c">DLC</subfield>
    <subfield code="d">DLC</subfield>
    <subfield code="d">WaU</subfield>
  </datafield>
  <datafield tag="100" ind1="0" ind2=" ">
    <subfield code="a">Joseph</subfield>
    <subfield code="c">(Spirit)</subfield>
  </datafield>
  <datafield tag="368" ind1=" " ind2=" ">
    <subfield code="c">Spirits</subfield>
    <subfield code="2">lcsh</subfield>
  </datafield>
  <datafield tag="670" ind1=" " ind2=" ">
    <subfield code="a">The missing truth, c1996</subfield>
    <subfield code="b">ack. (Joseph, high spiritual leader)</subfield>
  </datafield>
</record>